This file was created with JabRef 2.1 beta 2.
Encoding: UTF-8

@article{Lucy1977A,
  title={A Numerical Approach to the Testing of the Fission Hypothesis},
  author={Lucy, L. B.},
  journal={Astronomical Journal},
  volume={82},
  number={82},
  pages={1013-1024},
  year={1977},
}

@article{Johnson1996NORMALIZED,
  title={NORMALIZED SMOOTHING FUNCTIONS FOR SPH IMPACT COMPUTATIONS},
  author={Johnson, G. R. and Beissel, S. R.},
  journal={International Journal for Numerical Methods in Engineering},
  volume={39},
  number={16},
  pages={2725â€“2741},
  year={1996},
}

@article{Gingold1977Smoothed,
  title={Smoothed particle hydrodynamics - Theory and application to non-spherical stars},
  author={Gingold, R. A. and Monaghan, J. J.},
  journal={Monthly Notices of the Royal Astronomical Society},
  volume={181},
  number={3},
  pages={375-389},
  year={1977},
}

@book{kottwitz2011latex,
  title={LaTeX Beginner's Guide},
  author={Kottwitz, S.},
  isbn={9781847199867},
  url={http://books.google.com.hk/books?id=rB1Cb62dVnUC},
  year={2011},
  publisher={Packt Publishing},
}
